<?xml version="1.0" encoding="UTF-8"?>
<!DOCTYPE html PUBLIC "-//W3C//DTD XHTML 1.0 Transitional//EN"
    "http://www.w3.org/TR/xhtml1/DTD/xhtml1-transitional.dtd">
<html xmlns="http://www.w3.org/1999/xhtml" xml:lang="en" lang="en">
 <head>
  <title>
</title>
<meta http-equiv="Content-Type" content="text/html;charset=utf-8" />
  <meta name='ocr-system' content='tesseract 3.04.00' />
  <meta name='ocr-capabilities' content='ocr_page ocr_carea ocr_par ocr_line ocrx_word'/>
</head>
<body>
  <div class='ocr_page' id='page_1' title='image "./commentarivsper01schmgoog_0169.png"; bbox 0 0 2775 4734; ppageno 0'>
   <div class='ocr_carea' id='block_1_1' title="bbox 365 285 1150 376">
    <p class='ocr_par' dir='ltr' id='par_1_1' title="bbox 365 285 1150 376">
     <span class='ocr_line' id='line_1_1' title="bbox 365 285 1150 376; baseline -0.004 -13"><span class='ocrx_word' id='word_1_1' title='bbox 365 287 603 366; x_wconf 68' lang='lat' dir='ltr'>torvs&#39;ll,</span> <span class='ocrx_word' id='word_1_2' title='bbox 630 305 786 363; x_wconf 74' lang='lat' dir='ltr'>scanne</span> <span class='ocrx_word' id='word_1_3' title='bbox 811 285 849 363; x_wconf 84' lang='lat'>1.&#39;</span> <span class='ocrx_word' id='word_1_4' title='bbox 933 351 937 366; x_wconf 72' lang='grc'>,</span> <span class='ocrx_word' id='word_1_5' title='bbox 1080 292 1150 376; x_wconf 81' lang='lat'>¹⁶5</span> 
     </span>
    </p>
   </div>
   <div class='ocr_carea' id='block_1_2' title="bbox 41 431 1228 635">
    <p class='ocr_par' dir='ltr' id='par_1_2' title="bbox 41 431 1228 635">
     <span class='ocr_line' id='line_1_2' title="bbox 41 431 1145 560; baseline 0.002 -31"><span class='ocrx_word' id='word_1_6' title='bbox 41 467 131 535; x_wconf 67' lang='lat' dir='ltr'>Aul.</span> <span class='ocrx_word' id='word_1_7' title='bbox 150 487 176 528; x_wconf 81' lang='lat' dir='ltr'>z.</span> <span class='ocrx_word' id='word_1_8' title='bbox 200 488 227 527; x_wconf 87' lang='lat'>2.</span> <span class='ocrx_word' id='word_1_9' title='bbox 251 431 299 539; x_wconf 68' lang='lat' dir='ltr'>to.</span> <span class='ocrx_word' id='word_1_10' title='bbox 317 503 359 527; x_wconf 62' lang='lat'>⁸!-</span> <span class='ocrx_word' id='word_1_11' title='bbox 386 475 433 542; x_wconf 70' lang='grc'>19.</span> <span class='ocrx_word' id='word_1_12' title='bbox 459 473 511 530; x_wconf 85' lang='lat' dir='ltr'>ius</span> <span class='ocrx_word' id='word_1_13' title='bbox 538 472 715 532; x_wconf 83' lang='lat' dir='ltr'>iurandum</span> <span class='ocrx_word' id='word_1_14' title='bbox 740 468 884 560; x_wconf 83' lang='lat' dir='ltr'>nostrum</span> <span class='ocrx_word' id='word_1_15' title='bbox 907 489 981 532; x_wconf 87' lang='lat' dir='ltr'>mea</span> <span class='ocrx_word' id='word_1_16' title='bbox 1006 463 1145 554; x_wconf 78' lang='lat' dir='ltr'>quidem</span> 
     </span>
     <span class='ocr_line' id='line_1_3' title="bbox 44 549 1228 635; baseline 0 -19"><span class='ocrx_word' id='word_1_17' title='bbox 44 549 127 616; x_wconf 80' lang='lat' dir='ltr'>filia</span> <span class='ocrx_word' id='word_1_18' title='bbox 149 572 221 622; x_wconf 86' lang='lat' dir='ltr'>non</span> <span class='ocrx_word' id='word_1_19' title='bbox 247 551 369 616; x_wconf 83' lang='lat' dir='ltr'>fefellit</span> <span class='ocrx_word' id='word_1_20' title='bbox 398 555 462 618; x_wconf 89' lang='lat' dir='ltr'>tihi</span> <span class='ocrx_word' id='word_1_21' title='bbox 490 556 604 617; x_wconf 86' lang='lat' dir='ltr'>datum</span> <span class='ocrx_word' id='word_1_22' title='bbox 630 579 672 603; x_wconf 59' lang='lat' dir='ltr'>a·</span> <span class='ocrx_word' id='word_1_23' title='bbox 704 576 751 616; x_wconf 81' lang='lat'>21.</span> <span class='ocrx_word' id='word_1_24' title='bbox 775 557 812 616; x_wconf 83' lang='lat' dir='ltr'>di</span> <span class='ocrx_word' id='word_1_25' title='bbox 830 578 877 615; x_wconf 85' lang='lat' dir='ltr'>me</span> <span class='ocrx_word' id='word_1_26' title='bbox 900 559 1047 635; x_wconf 79' lang='lat' dir='ltr'>perdant</span> <span class='ocrx_word' id='word_1_27' title='bbox 1067 557 1141 616; x_wconf 90' lang='lat' dir='ltr'>iun·</span> <span class='ocrx_word' id='word_1_28' title='bbox 1225 565 1228 578; x_wconf 84' lang='lat'><strong><em>¹</em></strong></span> 
     </span>
    </p>
   </div>
   <div class='ocr_carea' id='block_1_3' title="bbox 103 637 1227 703">
    <p class='ocr_par' dir='ltr' id='par_1_3' title="bbox 103 637 1227 703">
     <span class='ocr_line' id='line_1_4' title="bbox 103 637 1227 703; baseline 0 -5"><span class='ocrx_word' id='word_1_29' title='bbox 103 638 208 700; x_wconf 86' lang='lat' dir='ltr'>ndum</span> <span class='ocrx_word' id='word_1_30' title='bbox 230 657 308 702; x_wconf 89' lang='lat' dir='ltr'>cum</span> <span class='ocrx_word' id='word_1_31' title='bbox 330 637 411 701; x_wconf 86' lang='lat' dir='ltr'>verl.</span> <span class='ocrx_word' id='word_1_32' title='bbox 426 663 473 702; x_wconf 79' lang='lat' dir='ltr'>za.</span> <span class='ocrx_word' id='word_1_33' title='bbox 488 641 705 703; x_wconf 54' lang='lat' dir='ltr'>*Melaenis</span> <span class='ocrx_word' id='word_1_34' title='bbox 727 657 837 702; x_wconf 90' lang='lat' dir='ltr'>autem</span> <span class='ocrx_word' id='word_1_35' title='bbox 859 639 1018 702; x_wconf 80' lang='lat' dir='ltr'>malitiose</span> <span class='ocrx_word' id='word_1_36' title='bbox 1043 643 1140 703; x_wconf 83' lang='lat' dir='ltr'>inter·</span> <span class='ocrx_word' id='word_1_37' title='bbox 1220 684 1227 698; x_wconf 88' lang='grc'><em>,</em></span> 
     </span>
    </p>
   </div>
   <div class='ocr_carea' id='block_1_4' title="bbox 43 721 1139 1496">
    <p class='ocr_par' dir='ltr' id='par_1_4' title="bbox 43 721 1139 1496">
     <span class='ocr_line' id='line_1_5' title="bbox 69 721 1139 811; baseline 0.006 -29"><span class='ocrx_word' id='word_1_38' title='bbox 69 738 149 790; x_wconf 84' lang='lat' dir='ltr'>atur</span> <span class='ocrx_word' id='word_1_39' title='bbox 172 721 397 808; x_wconf 75' lang='lat' dir='ltr'>quodcumque</span> <span class='ocrx_word' id='word_1_40' title='bbox 415 739 477 786; x_wconf 88' lang='lat' dir='ltr'>etc.</span> <span class='ocrx_word' id='word_1_41' title='bbox 508 743 541 788; x_wconf 84' lang='lat' dir='ltr'>et</span> <span class='ocrx_word' id='word_1_42' title='bbox 563 745 625 810; x_wconf 81' lang='lat' dir='ltr'>ego</span> <span class='ocrx_word' id='word_1_43' title='bbox 642 727 764 808; x_wconf 67' lang='lat' dir='ltr'>velim,</span> <span class='ocrx_word' id='word_1_44' title='bbox 787 725 866 787; x_wconf 86' lang='lat' dir='ltr'>deos</span> <span class='ocrx_word' id='word_1_45' title='bbox 889 740 922 785; x_wconf 87' lang='lat' dir='ltr'>te</span> <span class='ocrx_word' id='word_1_46' title='bbox 946 728 1139 811; x_wconf 78' lang='lat' dir='ltr'>perdere-</span> 
     </span>
     <span class='ocr_line' id='line_1_6' title="bbox 47 805 1137 901; baseline 0.006 -32"><span class='ocrx_word' id='word_1_47' title='bbox 47 813 109 871; x_wconf 89' lang='lat'>26.</span> <span class='ocrx_word' id='word_1_48' title='bbox 131 810 189 874; x_wconf 81' lang='lat' dir='ltr'>abi</span> <span class='ocrx_word' id='word_1_49' title='bbox 212 805 368 901; x_wconf 76' lang='lat' dir='ltr'>qzreerere</span> <span class='ocrx_word' id='word_1_50' title='bbox 389 811 566 894; x_wconf 83' lang='lat' dir='ltr'>quaelitum</span> <span class='ocrx_word' id='word_1_51' title='bbox 589 813 679 889; x_wconf 81' lang='lat' dir='ltr'>alios,</span> <span class='ocrx_word' id='word_1_52' title='bbox 703 812 762 894; x_wconf 74' lang='lat' dir='ltr'>obi</span> <span class='ocrx_word' id='word_1_53' title='bbox 782 812 870 892; x_wconf 84' lang='lat' dir='ltr'>apud</span> <span class='ocrx_word' id='word_1_54' title='bbox 887 832 974 896; x_wconf 88' lang='lat' dir='ltr'>quos</span> <span class='ocrx_word' id='word_1_55' title='bbox 994 813 1137 875; x_wconf 80' lang='lat' dir='ltr'>iurando</span> 
     </span>
     <span class='ocr_line' id='line_1_7' title="bbox 43 895 1136 982; baseline 0.002 -27"><span class='ocrx_word' id='word_1_56' title='bbox 43 895 119 960; x_wconf 87' lang='lat' dir='ltr'>iuri</span> <span class='ocrx_word' id='word_1_57' title='bbox 140 895 278 969; x_wconf 82' lang='lat' dir='ltr'>iurando</span> <span class='ocrx_word' id='word_1_58' title='bbox 298 910 357 960; x_wconf 76' lang='lat' dir='ltr'>tuo</span> <span class='ocrx_word' id='word_1_59' title='bbox 374 911 436 959; x_wconf 85' lang='lat' dir='ltr'>etc.</span> <span class='ocrx_word' id='word_1_60' title='bbox 480 896 640 958; x_wconf 85' lang='lat' dir='ltr'>Nonnulli</span> <span class='ocrx_word' id='word_1_61' title='bbox 663 895 758 959; x_wconf 84' lang='lat' dir='ltr'><strong>codd.</strong></span> <span class='ocrx_word' id='word_1_62' title='bbox 783 898 905 959; x_wconf 72' lang='lat' dir='ltr'>hahent</span> <span class='ocrx_word' id='word_1_63' title='bbox 926 909 1136 982; x_wconf 71' lang='lat' dir='ltr'>quaerere-</span> 
     </span>
     <span class='ocr_line' id='line_1_8' title="bbox 48 977 1135 1080; baseline 0.005 -40"><span class='ocrx_word' id='word_1_64' title='bbox 48 1002 107 1054; x_wconf 86' lang='lat'>27·</span> <span class='ocrx_word' id='word_1_65' title='bbox 133 977 255 1080; x_wconf 66' lang='lat' dir='ltr'>offero</span> <span class='ocrx_word' id='word_1_66' title='bbox 283 980 468 1065; x_wconf 82' lang='lat' dir='ltr'>hospitalis,</span> <span class='ocrx_word' id='word_1_67' title='bbox 499 1002 519 1042; x_wconf 86' lang='lat' dir='ltr'>e</span> <span class='ocrx_word' id='word_1_68' title='bbox 544 987 681 1044; x_wconf 84' lang='lat' dir='ltr'>materia</span> <span class='ocrx_word' id='word_1_69' title='bbox 713 979 839 1067; x_wconf 84' lang='lat' dir='ltr'>fragili,</span> <span class='ocrx_word' id='word_1_70' title='bbox 880 986 974 1044; x_wconf 85' lang='lat' dir='ltr'>cuius</span> <span class='ocrx_word' id='word_1_71' title='bbox 1005 979 1135 1066; x_wconf 79' lang='lat' dir='ltr'>vtriq&#39;ue</span> 
     </span>
     <span class='ocr_line' id='line_1_9' title="bbox 46 1059 1135 1153; baseline 0.001 -25"><span class='ocrx_word' id='word_1_72' title='bbox 46 1064 180 1148; x_wconf 76' lang='lat' dir='ltr'>hospita</span> <span class='ocrx_word' id='word_1_73' title='bbox 196 1082 269 1128; x_wconf 75' lang='lat' dir='ltr'>,erat</span> <span class='ocrx_word' id='word_1_74' title='bbox 298 1067 435 1150; x_wconf 86' lang='lat' dir='ltr'>dimidia</span> <span class='ocrx_word' id='word_1_75' title='bbox 458 1087 553 1153; x_wconf 85' lang='lat' dir='ltr'>pars,</span> <span class='ocrx_word' id='word_1_76' title='bbox 586 1075 685 1152; x_wconf 73' lang='lat' dir='ltr'>quim</span> <span class='ocrx_word' id='word_1_77' title='bbox 710 1069 769 1153; x_wconf 92' lang='lat' dir='ltr'>qui</span> <span class='ocrx_word' id='word_1_78' title='bbox 786 1059 1012 1153; x_wconf 47' lang='lat' dir='ltr'>&#39;confregeram</span> <span class='ocrx_word' id='word_1_79' title='bbox 1042 1070 1135 1129; x_wconf 85' lang='lat' dir='ltr'>alteri</span> 
     </span>
     <span class='ocr_line' id='line_1_10' title="bbox 44 1150 1132 1236; baseline 0.002 -24"><span class='ocrx_word' id='word_1_80' title='bbox 44 1150 236 1233; x_wconf 84' lang='lat' dir='ltr'>hospitium</span> <span class='ocrx_word' id='word_1_81' title='bbox 257 1154 431 1236; x_wconf 84' lang='lat' dir='ltr'>putabatur</span> <span class='ocrx_word' id='word_1_82' title='bbox 456 1154 676 1216; x_wconf 57' lang='lat' dir='ltr'>renuntiall&#39;eo</span> <span class='ocrx_word' id='word_1_83' title='bbox 713 1155 787 1220; x_wconf 87' lang='lat' dir='ltr'>Hoc</span> <span class='ocrx_word' id='word_1_84' title='bbox 809 1154 946 1236; x_wconf 87' lang='lat' dir='ltr'>quidem</span> <span class='ocrx_word' id='word_1_85' title='bbox 968 1155 1041 1215; x_wconf 89' lang='lat' dir='ltr'>loco</span> <span class='ocrx_word' id='word_1_86' title='bbox 1062 1173 1132 1236; x_wconf 70' lang='lat' dir='ltr'>,non</span> 
     </span>
     <span class='ocr_line' id='line_1_11' title="bbox 48 1233 1132 1322; baseline 0.004 -27"><span class='ocrx_word' id='word_1_87' title='bbox 48 1236 97 1296; x_wconf 83' lang='lat' dir='ltr'>de</span> <span class='ocrx_word' id='word_1_88' title='bbox 118 1236 263 1322; x_wconf 84' lang='lat' dir='ltr'>hospitio</span> <span class='ocrx_word' id='word_1_89' title='bbox 282 1236 387 1320; x_wconf 82' lang='lat' dir='ltr'>sermo</span> <span class='ocrx_word' id='word_1_90' title='bbox 408 1236 466 1308; x_wconf 86' lang='lat' dir='ltr'>est,</span> <span class='ocrx_word' id='word_1_91' title='bbox 497 1239 551 1312; x_wconf 83' lang='lat' dir='ltr'>led</span> <span class='ocrx_word' id='word_1_92' title='bbox 576 1237 615 1299; x_wconf 88' lang='lat' dir='ltr'>de</span> <span class='ocrx_word' id='word_1_93' title='bbox 639 1237 705 1309; x_wconf 83' lang='lat' dir='ltr'>fide</span> <span class='ocrx_word' id='word_1_94' title='bbox 729 1238 768 1300; x_wconf 82' lang='lat' dir='ltr'>ab</span> <span class='ocrx_word' id='word_1_95' title='bbox 788 1239 934 1302; x_wconf 85' lang='lat' dir='ltr'>Alcefim.</span> <span class='ocrx_word' id='word_1_96' title='bbox 955 1240 1076 1321; x_wconf 80' lang='lat' dir='ltr'>violata</span> <span class='ocrx_word' id='word_1_97' title='bbox 1089 1233 1132 1290; x_wconf 89' lang='grc' dir='ltr'>--Ι</span> 
     </span>
     <span class='ocr_line' id='line_1_12' title="bbox 53 1324 1132 1407; baseline 0.003 -27"><span class='ocrx_word' id='word_1_98' title='bbox 53 1342 108 1396; x_wconf 84' lang='lat'>29.</span> <span class='ocrx_word' id='word_1_99' title='bbox 130 1324 217 1388; x_wconf 80' lang='lat' dir='ltr'>inter</span> <span class='ocrx_word' id='word_1_100' title='bbox 233 1344 350 1388; x_wconf 78' lang='lat' dir='ltr'>stonum</span> <span class='ocrx_word' id='word_1_101' title='bbox 371 1347 439 1394; x_wconf 75' lang='lat' dir='ltr'>rem</span> <span class='ocrx_word' id='word_1_102' title='bbox 461 1343 544 1405; x_wconf 82' lang='lat' dir='ltr'>quae</span> <span class='ocrx_word' id='word_1_103' title='bbox 566 1344 658 1388; x_wconf 88' lang='lat' dir='ltr'>nunc</span> <span class='ocrx_word' id='word_1_104' title='bbox 678 1325 763 1387; x_wconf 84' lang='lat' dir='ltr'>inter</span> <span class='ocrx_word' id='word_1_105' title='bbox 782 1342 842 1383; x_wconf 89' lang='lat' dir='ltr'>nos</span> <span class='ocrx_word' id='word_1_106' title='bbox 859 1328 976 1407; x_wconf 83' lang='lat' dir='ltr'>agitur,</span> <span class='ocrx_word' id='word_1_107' title='bbox 998 1326 1132 1400; x_wconf 82' lang='lat' dir='ltr'>verbum</span> 
     </span>
     <span class='ocr_line' id='line_1_13' title="bbox 50 1399 1131 1496; baseline 0 -26"><span class='ocrx_word' id='word_1_108' title='bbox 50 1399 227 1496; x_wconf 73' lang='lat' dir='ltr'>ositrpabo</span> <span class='ocrx_word' id='word_1_109' title='bbox 245 1422 342 1486; x_wconf 77' lang='lat' dir='ltr'>octus</span> <span class='ocrx_word' id='word_1_110' title='bbox 370 1425 479 1479; x_wconf 83' lang='lat' dir='ltr'>vetere</span> <span class='ocrx_word' id='word_1_111' title='bbox 504 1408 706 1493; x_wconf 82' lang='lat' dir='ltr'>respondebo</span> <span class='ocrx_word' id='word_1_112' title='bbox 728 1410 795 1488; x_wconf 81' lang='lat' dir='ltr'>¹tibi</span> <span class='ocrx_word' id='word_1_113' title='bbox 817 1411 994 1490; x_wconf 87' lang='lat' dir='ltr'>prouerbio</span> <span class='ocrx_word' id='word_1_114' title='bbox 1012 1444 1055 1490; x_wconf 75' lang='lat'>,···</span> <span class='ocrx_word' id='word_1_115' title='bbox 1082 1430 1131 1478; x_wconf 78' lang='lat'>30.</span> 
     </span>
    </p>
   </div>
   <div class='ocr_carea' id='block_1_5' title="bbox 54 1490 1251 1577">
    <p class='ocr_par' dir='ltr' id='par_1_5' title="bbox 54 1490 1251 1577">
     <span class='ocr_line' id='line_1_14' title="bbox 54 1490 1251 1577; baseline 0.003 -26"><span class='ocrx_word' id='word_1_116' title='bbox 54 1490 103 1558; x_wconf 80' lang='lat' dir='ltr'>est</span> <span class='ocrx_word' id='word_1_117' title='bbox 126 1511 162 1551; x_wconf 89' lang='lat' dir='ltr'>ea</span> <span class='ocrx_word' id='word_1_118' title='bbox 186 1492 328 1558; x_wconf 74' lang='lat' dir='ltr'>formula</span> <span class='ocrx_word' id='word_1_119' title='bbox 348 1495 526 1558; x_wconf 76' lang='lat' dir='ltr'><strong>amicitiam</strong></span> <span class='ocrx_word' id='word_1_120' title='bbox 554 1496 820 1572; x_wconf 68' lang='lat' dir='ltr'>renuntiantium</span> <span class='ocrx_word' id='word_1_121' title='bbox 839 1528 881 1541; x_wconf 90' lang='lat'>-</span> <span class='ocrx_word' id='word_1_122' title='bbox 907 1516 955 1567; x_wconf 80' lang='lat'>31.</span> <span class='ocrx_word' id='word_1_123' title='bbox 977 1516 1035 1577; x_wconf 89' lang='lat' dir='ltr'>pro</span> <span class='ocrx_word' id='word_1_124' title='bbox 1060 1495 1130 1555; x_wconf 88' lang='lat' dir='ltr'>vul·</span> <span class='ocrx_word' id='word_1_125' title='bbox 1161 1543 1163 1562; x_wconf 75' lang='lat'>,</span> <span class='ocrx_word' id='word_1_126' title='bbox 1241 1525 1251 1532; x_wconf 63' lang='lat'>=</span> 
     </span>
    </p>
   </div>
   <div class='ocr_carea' id='block_1_6' title="bbox 44 1572 1223 3112">
    <p class='ocr_par' dir='ltr' id='par_1_6' title="bbox 49 1572 1219 2173">
     <span class='ocr_line' id='line_1_15' title="bbox 54 1572 1129 1723; baseline -0.001 -85"><span class='ocrx_word' id='word_1_127' title='bbox 54 1590 152 1662; x_wconf 82' lang='lat' dir='ltr'>gato:</span> <span class='ocrx_word' id='word_1_128' title='bbox 177 1598 234 1659; x_wconf 87' lang='lat' dir='ltr'>pro</span> <span class='ocrx_word' id='word_1_129' title='bbox 253 1600 307 1641; x_wconf 91' lang='lat' dir='ltr'>me</span> <span class='ocrx_word' id='word_1_130' title='bbox 328 1575 485 1673; x_wconf 79' lang='lat' dir='ltr'>responsa</span> <span class='ocrx_word' id='word_1_131' title='bbox 508 1581 584 1649; x_wconf 85' lang='lat' dir='ltr'>tibi,</span> <span class='ocrx_word' id='word_1_132' title='bbox 605 1581 779 1664; x_wconf 77' lang='lat' dir='ltr'>Scioppius</span> <span class='ocrx_word' id='word_1_133' title='bbox 800 1581 926 1642; x_wconf 88' lang='lat' dir='ltr'>mavult</span> <span class='ocrx_word' id='word_1_134' title='bbox 946 1572 1129 1723; x_wconf 52' lang='lat' dir='ltr'>resps’nffs’</span> 
     </span>
     <span class='ocr_line' id='line_1_16' title="bbox 54 1659 1126 1751; baseline 0.002 -29"><span class='ocrx_word' id='word_1_135' title='bbox 54 1659 228 1726; x_wconf 83' lang='lat' dir='ltr'>Gronovio</span> <span class='ocrx_word' id='word_1_136' title='bbox 245 1666 382 1748; x_wconf 83' lang='lat' dir='ltr'>aliisque</span> <span class='ocrx_word' id='word_1_137' title='bbox 404 1685 472 1728; x_wconf 90' lang='lat' dir='ltr'>non</span> <span class='ocrx_word' id='word_1_138' title='bbox 493 1667 616 1751; x_wconf 81' lang='lat' dir='ltr'>paucis</span> <span class='ocrx_word' id='word_1_139' title='bbox 631 1666 710 1726; x_wconf 86' lang='lat' dir='ltr'>viris</span> <span class='ocrx_word' id='word_1_140' title='bbox 735 1664 840 1727; x_wconf 84' lang='lat' dir='ltr'>doctis</span> <span class='ocrx_word' id='word_1_141' title='bbox 859 1665 1052 1749; x_wconf 73' lang='lat' dir='ltr'>adprobanti</span> <span class='ocrx_word' id='word_1_142' title='bbox 1077 1684 1126 1724; x_wconf 83' lang='lat' dir='ltr'>ue.</span> 
     </span>
     <span class='ocr_line' id='line_1_17' title="bbox 51 1743 1129 1842; baseline 0 -33"><span class='ocrx_word' id='word_1_143' title='bbox 51 1750 94 1809; x_wconf 86' lang='lat' dir='ltr'>Vt</span> <span class='ocrx_word' id='word_1_144' title='bbox 115 1771 146 1812; x_wconf 79' lang='lat' dir='ltr'>v.</span> <span class='ocrx_word' id='word_1_145' title='bbox 163 1770 212 1821; x_wconf 78' lang='lat'>3²·</span> <span class='ocrx_word' id='word_1_146' title='bbox 237 1754 383 1833; x_wconf 81' lang='lat' dir='ltr'>roganti:</span> <span class='ocrx_word' id='word_1_147' title='bbox 409 1772 472 1812; x_wconf 84' lang='lat' dir='ltr'>non</span> <span class='ocrx_word' id='word_1_148' title='bbox 495 1753 664 1813; x_wconf 76' lang='lat' dir='ltr'>remittes?</span> <span class='ocrx_word' id='word_1_149' title='bbox 693 1751 775 1811; x_wconf 82' lang='lat' dir='ltr'>dicit</span> <span class='ocrx_word' id='word_1_150' title='bbox 787 1743 878 1842; x_wconf 83' lang='lat' dir='ltr'>seis,</span> <span class='ocrx_word' id='word_1_151' title='bbox 901 1768 937 1812; x_wconf 92' lang='lat' dir='ltr'>tu</span> <span class='ocrx_word' id='word_1_152' title='bbox 959 1752 1059 1818; x_wconf 88' lang='lat' dir='ltr'>dicis,</span> <span class='ocrx_word' id='word_1_153' title='bbox 1087 1750 1129 1809; x_wconf 80' lang='lat' dir='ltr'>sie</span> 
     </span>
     <span class='ocr_line' id='line_1_18' title="bbox 49 1829 1129 1928; baseline -0.003 -30"><span class='ocrx_word' id='word_1_154' title='bbox 49 1834 108 1898; x_wconf 83' lang='lat' dir='ltr'>hie</span> <span class='ocrx_word' id='word_1_155' title='bbox 132 1834 174 1899; x_wconf 76' lang='lat' dir='ltr'>ad</span> <span class='ocrx_word' id='word_1_156' title='bbox 193 1857 259 1896; x_wconf 85' lang='lat' dir='ltr'>non</span> <span class='ocrx_word' id='word_1_157' title='bbox 281 1838 360 1896; x_wconf 81' lang='lat' dir='ltr'>remi</span> <span class='ocrx_word' id='word_1_158' title='bbox 388 1843 450 1897; x_wconf 77' lang='lat' dir='ltr'>uro</span> <span class='ocrx_word' id='word_1_159' title='bbox 470 1836 550 1899; x_wconf 84' lang='lat' dir='ltr'>dicit</span> <span class='ocrx_word' id='word_1_160' title='bbox 569 1829 751 1928; x_wconf 81' lang='lat' dir='ltr'><em>responsas.</em></span> <span class='ocrx_word' id='word_1_161' title='bbox 796 1837 970 1897; x_wconf 86' lang='lat' dir='ltr'>Permultis</span> <span class='ocrx_word' id='word_1_162' title='bbox 993 1837 1129 1897; x_wconf 84' lang='lat' dir='ltr'>Plautus</span> 
     </span>
     <span class='ocr_line' id='line_1_19' title="bbox 50 1918 1219 2005; baseline 0.001 -26"><span class='ocrx_word' id='word_1_163' title='bbox 50 1921 133 1981; x_wconf 86' lang='lat' dir='ltr'>locis</span> <span class='ocrx_word' id='word_1_164' title='bbox 160 1918 281 1984; x_wconf 82' lang='lat' dir='ltr'>eodem</span> <span class='ocrx_word' id='word_1_165' title='bbox 307 1920 408 1982; x_wconf 88' lang='lat' dir='ltr'>modo</span> <span class='ocrx_word' id='word_1_166' title='bbox 439 1921 676 2005; x_wconf 79' lang='lat' dir='ltr'>interrogantes</span> <span class='ocrx_word' id='word_1_167' title='bbox 703 1920 865 1983; x_wconf 84' lang='lat' dir='ltr'>amolitur.</span> <span class='ocrx_word' id='word_1_168' title='bbox 898 1920 968 1983; x_wconf 87' lang='lat' dir='ltr'>Cal.</span> <span class='ocrx_word' id='word_1_169' title='bbox 987 1942 1012 1992; x_wconf 86' lang='grc' dir='ltr'>ς.</span> <span class='ocrx_word' id='word_1_170' title='bbox 1030 1942 1059 1995; x_wconf 88' lang='grc'>4.</span> <span class='ocrx_word' id='word_1_171' title='bbox 1078 1941 1152 1993; x_wconf 55' lang='grc' dir='ltr'>ιςμ</span> <span class='ocrx_word' id='word_1_172' title='bbox 1211 1961 1219 1970; x_wconf 79' lang='lat'>‚</span> 
     </span>
     <span class='ocr_line' id='line_1_20' title="bbox 55 2001 1148 2086; baseline -0.006 -16"><span class='ocrx_word' id='word_1_173' title='bbox 55 2007 250 2072; x_wconf 68' lang='lat' dir='ltr'>Ontimes.</span> <span class='ocrx_word' id='word_1_174' title='bbox 289 2006 505 2086; x_wconf 72' lang='lat' dir='ltr'>Sn‘egone‘l</span> <span class='ocrx_word' id='word_1_175' title='bbox 543 2010 607 2070; x_wconf 68' lang='lat'>015.</span> <span class='ocrx_word' id='word_1_176' title='bbox 624 2007 715 2067; x_wconf 77' lang='lat' dir='ltr'>houd</span> <span class='ocrx_word' id='word_1_177' title='bbox 727 2009 870 2069; x_wconf 83' lang='lat' dir='ltr'>mentire.</span> <span class='ocrx_word' id='word_1_178' title='bbox 893 2001 979 2067; x_wconf 73' lang='lat' dir='ltr'>Ruti.</span> <span class='ocrx_word' id='word_1_179' title='bbox 998 2019 1148 2077; x_wconf 75' lang='lat' dir='ltr'>2.3.1r.‘</span> 
     </span>
     <span class='ocr_line' id='line_1_21' title="bbox 54 2093 1126 2173; baseline 0.001 -21"><span class='ocrx_word' id='word_1_180' title='bbox 54 2094 113 2152; x_wconf 82' lang='lat' dir='ltr'>Ta.</span> <span class='ocrx_word' id='word_1_181' title='bbox 136 2093 256 2158; x_wconf 78' lang='lat' dir='ltr'>venit?</span> <span class='ocrx_word' id='word_1_182' title='bbox 308 2100 378 2154; x_wconf 73' lang='lat' dir='ltr'>Aeo.</span> <span class='ocrx_word' id='word_1_183' title='bbox 396 2112 480 2152; x_wconf 82' lang='lat' dir='ltr'>vera</span> <span class='ocrx_word' id='word_1_184' title='bbox 503 2096 684 2173; x_wconf 81' lang='lat' dir='ltr'><em>praedicas</em></span> <span class='ocrx_word' id='word_1_185' title='bbox 703 2107 764 2154; x_wconf 90' lang='lat' dir='ltr'>etc.</span> <span class='ocrx_word' id='word_1_186' title='bbox 788 2127 831 2140; x_wconf 92' lang='lat'>-</span> <span class='ocrx_word' id='word_1_187' title='bbox 858 2114 906 2168; x_wconf 72' lang='lat'>33.</span> <span class='ocrx_word' id='word_1_188' title='bbox 932 2103 1126 2153; x_wconf 80' lang='lat' dir='ltr'>commentor</span> 
     </span>
    </p>

    <p class='ocr_par' dir='ltr' id='par_1_7' title="bbox 46 2177 1126 2281">
     <span class='ocr_line' id='line_1_22' title="bbox 46 2177 1126 2281; baseline -0.002 -43"><span class='ocrx_word' id='word_1_189' title='bbox 46 2177 195 2238; x_wconf 84' lang='lat' dir='ltr'>meditor</span> <span class='ocrx_word' id='word_1_190' title='bbox 219 2177 296 2237; x_wconf 87' lang='lat' dir='ltr'>alias</span> <span class='ocrx_word' id='word_1_191' title='bbox 323 2196 374 2236; x_wconf 87' lang='lat' dir='ltr'>res</span> <span class='ocrx_word' id='word_1_192' title='bbox 398 2212 441 2224; x_wconf 94' lang='grc'>-</span> <span class='ocrx_word' id='word_1_193' title='bbox 462 2198 476 2250; x_wconf 83' lang='lat'><em>3</em></span> <span class='ocrx_word' id='word_1_194' title='bbox 485 2199 512 2253; x_wconf 87' lang='lat'>5.</span> <span class='ocrx_word' id='word_1_195' title='bbox 537 2182 634 2242; x_wconf 75' lang='lat' dir='ltr'>Mat.</span> <span class='ocrx_word' id='word_1_196' title='bbox 656 2197 699 2239; x_wconf 88' lang='lat' dir='ltr'>ue</span> <span class='ocrx_word' id='word_1_197' title='bbox 719 2197 830 2261; x_wconf 83' lang='lat' dir='ltr'>roges,</span> <span class='ocrx_word' id='word_1_198' title='bbox 862 2177 941 2281; x_wconf 52' lang='lat' dir='ltr'>quid</span> <span class='ocrx_word' id='word_1_199' title='bbox 966 2177 1126 2236; x_wconf 73' lang='lat' dir='ltr'>Melaenis</span> 
     </span>
    </p>

    <p class='ocr_par' dir='ltr' id='par_1_8' title="bbox 49 2260 1126 2346">
     <span class='ocr_line' id='line_1_23' title="bbox 49 2260 1126 2346; baseline -0.006 -21"><span class='ocrx_word' id='word_1_200' title='bbox 49 2262 174 2346; x_wconf 69' lang='lat' dir='ltr'>agam?</span> <span class='ocrx_word' id='word_1_201' title='bbox 205 2260 259 2322; x_wconf 81' lang='lat' dir='ltr'>led</span> <span class='ocrx_word' id='word_1_202' title='bbox 285 2266 432 2327; x_wconf 87' lang='lat' dir='ltr'>animum</span> <span class='ocrx_word' id='word_1_203' title='bbox 457 2264 567 2344; x_wconf 83' lang='lat' dir='ltr'>potius</span> <span class='ocrx_word' id='word_1_204' title='bbox 594 2263 747 2333; x_wconf 83' lang='lat' dir='ltr'>aduorte,</span> <span class='ocrx_word' id='word_1_205' title='bbox 779 2278 815 2324; x_wconf 84' lang='lat' dir='ltr'>vt</span> <span class='ocrx_word' id='word_1_206' title='bbox 845 2262 940 2333; x_wconf 78' lang='lat' dir='ltr'>letas,</span> <span class='ocrx_word' id='word_1_207' title='bbox 972 2261 1053 2346; x_wconf 83' lang='lat' dir='ltr'>qnid</span> <span class='ocrx_word' id='word_1_208' title='bbox 1077 2274 1126 2330; x_wconf 92' lang='lat' dir='ltr'>tu,</span> 
     </span>
    </p>

    <p class='ocr_par' dir='ltr' id='par_1_9' title="bbox 44 2339 1223 2512">
     <span class='ocr_line' id='line_1_24' title="bbox 46 2339 1223 2439; baseline -0.004 -29"><span class='ocrx_word' id='word_1_209' title='bbox 46 2348 313 2416; x_wconf 77' lang='lat' dir='ltr'>Alcefimarche,</span> <span class='ocrx_word' id='word_1_210' title='bbox 334 2344 423 2430; x_wconf 82' lang='lat' dir='ltr'>agas!</span> <span class='ocrx_word' id='word_1_211' title='bbox 452 2383 496 2395; x_wconf 90' lang='lat'><em>-</em></span> <span class='ocrx_word' id='word_1_212' title='bbox 531 2356 580 2422; x_wconf 84' lang='lat'>3⁶·</span> <span class='ocrx_word' id='word_1_213' title='bbox 609 2351 659 2410; x_wconf 85' lang='lat' dir='ltr'>dii</span> <span class='ocrx_word' id='word_1_214' title='bbox 683 2342 802 2439; x_wconf 77' lang='lat' dir='ltr'>superi</span> <span class='ocrx_word' id='word_1_215' title='bbox 829 2348 978 2431; x_wconf 74' lang='grc' dir='ltr'><em>ὀυ’ροὶνιοι,</em></span> <span class='ocrx_word' id='word_1_216' title='bbox 1018 2339 1127 2434; x_wconf 39' lang='lat' dir='ltr'>*inferi</span> <span class='ocrx_word' id='word_1_217' title='bbox 1218 2400 1223 2414; x_wconf 77' lang='grc'><strong>,</strong></span> 
     </span>
     <span class='ocr_line' id='line_1_25' title="bbox 44 2431 1192 2512; baseline -0.004 -17"><span class='ocrx_word' id='word_1_218' title='bbox 44 2431 241 2510; x_wconf 64' lang='grc' dir='ltr'>ὑποχθόνιοι,</span> <span class='ocrx_word' id='word_1_219' title='bbox 262 2435 461 2493; x_wconf 74' lang='lat' dir='ltr'>medioeremi</span> <span class='ocrx_word' id='word_1_220' title='bbox 483 2432 618 2509; x_wconf 70' lang='grc' dir='ltr'>χθόνιοι,</span> <span class='ocrx_word' id='word_1_221' title='bbox 642 2436 839 2496; x_wconf 78' lang='lat' dir='ltr'>Graecorum</span> <span class='ocrx_word' id='word_1_222' title='bbox 859 2436 1008 2500; x_wconf 69' lang='lat' dir='ltr'>doluerat.</span> <span class='ocrx_word' id='word_1_223' title='bbox 1054 2434 1125 2492; x_wconf 86' lang='lat' dir='ltr'>Me·</span> <span class='ocrx_word' id='word_1_224' title='bbox 1188 2497 1192 2512; x_wconf 20' lang='grc' dir='ltr'>ἢ</span> 
     </span>
    </p>

    <p class='ocr_par' dir='ltr' id='par_1_10' title="bbox 45 2516 1223 3112">
     <span class='ocr_line' id='line_1_26' title="bbox 47 2516 1139 2608; baseline 0.001 -32"><span class='ocrx_word' id='word_1_225' title='bbox 47 2519 221 2608; x_wconf 71' lang='lat' dir='ltr'>dioximus</span> <span class='ocrx_word' id='word_1_226' title='bbox 241 2519 265 2578; x_wconf 63' lang='lat' dir='ltr'>i,</span> <span class='ocrx_word' id='word_1_227' title='bbox 281 2540 311 2601; x_wconf 89' lang='lat' dir='ltr'>q.</span> <span class='ocrx_word' id='word_1_228' title='bbox 330 2519 522 2597; x_wconf 9' lang='lat' dir='ltr'>«mediocris.</span> <span class='ocrx_word' id='word_1_229' title='bbox 553 2518 601 2575; x_wconf 83' lang='lat' dir='ltr'>dii</span> <span class='ocrx_word' id='word_1_230' title='bbox 622 2520 813 2579; x_wconf 77' lang='lat' dir='ltr'>medioximi</span> <span class='ocrx_word' id='word_1_231' title='bbox 831 2517 1045 2594; x_wconf 79' lang='lat' dir='ltr'>censebantur</span> <span class='ocrx_word' id='word_1_232' title='bbox 1060 2516 1139 2577; x_wconf 57' lang='lat' dir='ltr'>diisx</span> 
     </span>
     <span class='ocr_line' id='line_1_27' title="bbox 48 2600 1127 2686; baseline 0 -25"><span class='ocrx_word' id='word_1_233' title='bbox 48 2600 189 2664; x_wconf 85' lang='lat' dir='ltr'>lummis</span> <span class='ocrx_word' id='word_1_234' title='bbox 211 2616 243 2662; x_wconf 90' lang='lat' dir='ltr'>et</span> <span class='ocrx_word' id='word_1_235' title='bbox 264 2603 312 2664; x_wconf 86' lang='lat' dir='ltr'>lui</span> <span class='ocrx_word' id='word_1_236' title='bbox 334 2605 477 2673; x_wconf 85' lang='lat' dir='ltr'>ratione,</span> <span class='ocrx_word' id='word_1_237' title='bbox 502 2618 534 2663; x_wconf 88' lang='lat' dir='ltr'>et</span> <span class='ocrx_word' id='word_1_238' title='bbox 549 2605 633 2675; x_wconf 90' lang='lat' dir='ltr'>loco,</span> <span class='ocrx_word' id='word_1_239' title='bbox 656 2619 689 2663; x_wconf 88' lang='lat' dir='ltr'>et</span> <span class='ocrx_word' id='word_1_240' title='bbox 712 2601 865 2686; x_wconf 86' lang='lat' dir='ltr'>potellate</span> <span class='ocrx_word' id='word_1_241' title='bbox 883 2603 1046 2669; x_wconf 85' lang='lat' dir='ltr'>minores,</span> <span class='ocrx_word' id='word_1_242' title='bbox 1067 2602 1127 2661; x_wconf 89' lang='lat' dir='ltr'>ho·</span> 
     </span>
     <span class='ocr_line' id='line_1_28' title="bbox 49 2686 1125 2750; baseline 0.002 -4"><span class='ocrx_word' id='word_1_243' title='bbox 49 2689 185 2747; x_wconf 92' lang='lat' dir='ltr'>minum</span> <span class='ocrx_word' id='word_1_244' title='bbox 207 2708 287 2750; x_wconf 73' lang='lat' dir='ltr'>vero</span> <span class='ocrx_word' id='word_1_245' title='bbox 311 2697 427 2749; x_wconf 84' lang='lat' dir='ltr'>natura</span> <span class='ocrx_word' id='word_1_246' title='bbox 455 2690 606 2750; x_wconf 88' lang='lat' dir='ltr'>maiores.</span> <span class='ocrx_word' id='word_1_247' title='bbox 656 2688 720 2749; x_wconf 92' lang='lat' dir='ltr'>Pro</span> <span class='ocrx_word' id='word_1_248' title='bbox 743 2686 944 2750; x_wconf 75' lang='lat' dir='ltr'>Medioximi</span> <span class='ocrx_word' id='word_1_249' title='bbox 966 2686 1125 2747; x_wconf 82' lang='lat' dir='ltr'>Menrliut</span> 
     </span>
     <span class='ocr_line' id='line_1_29' title="bbox 52 2767 1126 2865; baseline -0.003 -34"><span class='ocrx_word' id='word_1_250' title='bbox 52 2775 90 2831; x_wconf 89' lang='lat' dir='ltr'>in</span> <span class='ocrx_word' id='word_1_251' title='bbox 112 2772 185 2834; x_wconf 85' lang='lat' dir='ltr'>cod.</span> <span class='ocrx_word' id='word_1_252' title='bbox 202 2777 313 2835; x_wconf 77' lang='lat' dir='ltr'>vetere</span> <span class='ocrx_word' id='word_1_253' title='bbox 326 2774 405 2856; x_wconf 80' lang='lat' dir='ltr'>legit</span> <span class='ocrx_word' id='word_1_254' title='bbox 425 2767 628 2853; x_wconf 67' lang='lat' dir='ltr'>asedtgrumi,</span> <span class='ocrx_word' id='word_1_255' title='bbox 648 2793 668 2865; x_wconf 69' lang='lat' dir='ltr'>a</span> <span class='ocrx_word' id='word_1_256' title='bbox 691 2795 826 2855; x_wconf 80' lang='lat' dir='ltr'>grumas</span> <span class='ocrx_word' id='word_1_257' title='bbox 845 2774 937 2836; x_wconf 84' lang='lat' dir='ltr'>locus</span> <span class='ocrx_word' id='word_1_258' title='bbox 954 2770 1126 2831; x_wconf 84' lang='lat' dir='ltr'>editior—</span> 
     </span>
     <span class='ocr_line' id='line_1_30' title="bbox 52 2853 1124 2933; baseline -0.004 -16"><span class='ocrx_word' id='word_1_259' title='bbox 52 2877 104 2929; x_wconf 84' lang='lat'>37.</span> <span class='ocrx_word' id='word_1_260' title='bbox 117 2865 167 2932; x_wconf 80' lang='lat'>38.</span> <span class='ocrx_word' id='word_1_261' title='bbox 179 2877 227 2933; x_wconf 84' lang='lat'>39.</span> <span class='ocrx_word' id='word_1_262' title='bbox 250 2861 385 2921; x_wconf 80' lang='lat' dir='ltr'>lunonis</span> <span class='ocrx_word' id='word_1_263' title='bbox 404 2859 572 2919; x_wconf 80' lang='lat' dir='ltr'>inducitur</span> <span class='ocrx_word' id='word_1_264' title='bbox 592 2878 720 2933; x_wconf 82' lang='lat' dir='ltr'>errans3</span> <span class='ocrx_word' id='word_1_265' title='bbox 743 2861 825 2920; x_wconf 90' lang='lat' dir='ltr'>luno</span> <span class='ocrx_word' id='word_1_266' title='bbox 846 2858 935 2916; x_wconf 89' lang='lat' dir='ltr'>enim</span> <span class='ocrx_word' id='word_1_267' title='bbox 957 2875 1026 2914; x_wconf 90' lang='lat' dir='ltr'>non</span> <span class='ocrx_word' id='word_1_268' title='bbox 1047 2853 1124 2927; x_wconf 86' lang='lat' dir='ltr'>filia,</span> 
     </span>
     <span class='ocr_line' id='line_1_31' title="bbox 45 2940 1223 3025; baseline -0.002 -23"><span class='ocrx_word' id='word_1_269' title='bbox 45 2941 104 3005; x_wconf 83' lang='lat' dir='ltr'>sed</span> <span class='ocrx_word' id='word_1_270' title='bbox 125 2944 214 3004; x_wconf 83' lang='lat' dir='ltr'>soror</span> <span class='ocrx_word' id='word_1_271' title='bbox 233 2959 370 3005; x_wconf 81' lang='lat' dir='ltr'>et&#39;vxor</span> <span class='ocrx_word' id='word_1_272' title='bbox 391 2947 498 3012; x_wconf 88' lang='lat' dir='ltr'>lovis,</span> <span class='ocrx_word' id='word_1_273' title='bbox 524 2945 683 3007; x_wconf 87' lang='lat' dir='ltr'>Saturnus</span> <span class='ocrx_word' id='word_1_274' title='bbox 708 2964 776 3006; x_wconf 92' lang='lat' dir='ltr'>non</span> <span class='ocrx_word' id='word_1_275' title='bbox 796 2956 930 3025; x_wconf 87' lang='lat' dir='ltr'>patruus</span> <span class='ocrx_word' id='word_1_276' title='bbox 952 2940 1005 3002; x_wconf 82' lang='lat' dir='ltr'>led</span> <span class='ocrx_word' id='word_1_277' title='bbox 1023 2957 1125 3024; x_wconf 87' lang='lat' dir='ltr'>pater,</span> <span class='ocrx_word' id='word_1_278' title='bbox 1219 2994 1223 3000; x_wconf 84' lang='lat'>.</span> 
     </span>
     <span class='ocr_line' id='line_1_32' title="bbox 47 3027 1124 3112; baseline -0.003 -21"><span class='ocrx_word' id='word_1_279' title='bbox 47 3029 120 3112; x_wconf 85' lang='lat' dir='ltr'>Ops</span> <span class='ocrx_word' id='word_1_280' title='bbox 145 3034 311 3090; x_wconf 78' lang='lat' dir='ltr'>nonanis</span> <span class='ocrx_word' id='word_1_281' title='bbox 332 3027 508 3090; x_wconf 86' lang='lat' dir='ltr'>sedmatet</span> <span class='ocrx_word' id='word_1_282' title='bbox 535 3032 709 3109; x_wconf 84' lang='lat' dir='ltr'>putabatur</span> <span class='ocrx_word' id='word_1_283' title='bbox 732 3031 820 3091; x_wconf 83' lang='lat' dir='ltr'>lovis</span> <span class='ocrx_word' id='word_1_284' title='bbox 847 3045 944 3110; x_wconf 89' lang='lat' dir='ltr'>atque</span> <span class='ocrx_word' id='word_1_285' title='bbox 969 3028 1124 3098; x_wconf 76' lang='lat' dir='ltr'>lunonis3</span> 
     </span>
    </p>
   </div>
   <div class='ocr_carea' id='block_1_7' title="bbox 43 3113 1231 3198">
    <p class='ocr_par' dir='ltr' id='par_1_11' title="bbox 43 3113 1231 3198">
     <span class='ocr_line' id='line_1_33' title="bbox 43 3113 1231 3198; baseline -0.003 -24"><span class='ocrx_word' id='word_1_286' title='bbox 43 3113 213 3175; x_wconf 79' lang='lat' dir='ltr'>Melaenis</span> <span class='ocrx_word' id='word_1_287' title='bbox 244 3117 345 3198; x_wconf 85' lang='lat' dir='ltr'>igitur</span> <span class='ocrx_word' id='word_1_288' title='bbox 373 3115 424 3175; x_wconf 88' lang='lat' dir='ltr'>bis</span> <span class='ocrx_word' id='word_1_289' title='bbox 451 3134 527 3174; x_wconf 75' lang='lat' dir='ltr'>etim</span> <span class='ocrx_word' id='word_1_290' title='bbox 555 3118 694 3198; x_wconf 75' lang='lat' dir='ltr'>contigit</span> <span class='ocrx_word' id='word_1_291' title='bbox 715 3151 759 3163; x_wconf 84' lang='lat'>-</span> <span class='ocrx_word' id='word_1_292' title='bbox 789 3126 898 3187; x_wconf 79' lang='lat' dir='ltr'>41.to</span> <span class='ocrx_word' id='word_1_293' title='bbox 926 3115 976 3176; x_wconf 78' lang='lat' dir='ltr'>me</span> <span class='ocrx_word' id='word_1_294' title='bbox 1002 3113 1126 3172; x_wconf 77' lang='lat' dir='ltr'>delenit</span> <span class='ocrx_word' id='word_1_295' title='bbox 1222 3153 1231 3170; x_wconf 88' lang='grc'><strong>.</strong></span> 
     </span>
    </p>
   </div>
   <div class='ocr_carea' id='block_1_8' title="bbox 41 3197 1184 4141">
    <p class='ocr_par' dir='ltr' id='par_1_12' title="bbox 41 3197 1184 4141">
     <span class='ocr_line' id='line_1_34' title="bbox 44 3197 1124 3281; baseline -0.001 -22"><span class='ocrx_word' id='word_1_296' title='bbox 44 3213 197 3261; x_wconf 85' lang='lat' dir='ltr'>mentem</span> <span class='ocrx_word' id='word_1_297' title='bbox 216 3203 300 3261; x_wconf 88' lang='lat' dir='ltr'>mihi</span> <span class='ocrx_word' id='word_1_298' title='bbox 319 3200 490 3268; x_wconf 80' lang='lat' dir='ltr'>adimis-</span> <span class='ocrx_word' id='word_1_299' title='bbox 506 3201 557 3273; x_wconf 86' lang='lat'>46.</span> <span class='ocrx_word' id='word_1_300' title='bbox 575 3201 625 3259; x_wconf 83' lang='lat' dir='ltr'>dii</span> <span class='ocrx_word' id='word_1_301' title='bbox 643 3201 817 3280; x_wconf 71' lang='lat' dir='ltr'>patellarii</span> <span class='ocrx_word' id='word_1_302' title='bbox 835 3200 955 3281; x_wconf 78' lang='lat' dir='ltr'>quibus</span> <span class='ocrx_word' id='word_1_303' title='bbox 976 3197 1124 3258; x_wconf 87' lang='lat' dir='ltr'>colendis</span> 
     </span>
     <span class='ocr_line' id='line_1_35' title="bbox 45 3275 1124 3369; baseline -0.002 -25"><span class='ocrx_word' id='word_1_304' title='bbox 45 3285 84 3345; x_wconf 90' lang='lat' dir='ltr'>in</span> <span class='ocrx_word' id='word_1_305' title='bbox 115 3286 244 3369; x_wconf 82' lang='lat' dir='ltr'>patellis</span> <span class='ocrx_word' id='word_1_306' title='bbox 273 3275 520 3369; x_wconf 81' lang='lat' dir='ltr'>adpon&#39;ebantur</span> <span class='ocrx_word' id='word_1_307' title='bbox 546 3286 679 3368; x_wconf 84' lang='lat' dir='ltr'>epulae,</span> <span class='ocrx_word' id='word_1_308' title='bbox 714 3287 828 3352; x_wconf 81' lang='lat' dir='ltr'>Lares,</span> <span class='ocrx_word' id='word_1_309' title='bbox 861 3285 997 3343; x_wconf 79' lang='lat' dir='ltr'>Penates</span> <span class='ocrx_word' id='word_1_310' title='bbox 1018 3317 1062 3328; x_wconf 91' lang='lat'><em>-</em></span> <span class='ocrx_word' id='word_1_311' title='bbox 1083 3282 1124 3356; x_wconf 87' lang='lat'>46</span> 
     </span>
     <span class='ocr_line' id='line_1_36' title="bbox 43 3368 1125 3454; baseline -0.004 -23"><span class='ocrx_word' id='word_1_312' title='bbox 43 3369 89 3431; x_wconf 86' lang='lat' dir='ltr'>ad</span> <span class='ocrx_word' id='word_1_313' title='bbox 109 3392 158 3447; x_wconf 79' lang='lat'>51.</span> <span class='ocrx_word' id='word_1_314' title='bbox 179 3373 283 3435; x_wconf 87' lang='lat' dir='ltr'>oratio</span> <span class='ocrx_word' id='word_1_315' title='bbox 308 3376 459 3432; x_wconf 87' lang='lat' dir='ltr'>amatoris</span> <span class='ocrx_word' id='word_1_316' title='bbox 487 3372 560 3431; x_wconf 88' lang='lat' dir='ltr'>irati</span> <span class='ocrx_word' id='word_1_317' title='bbox 588 3373 733 3431; x_wconf 85' lang='lat' dir='ltr'>nimium</span> <span class='ocrx_word' id='word_1_318' title='bbox 757 3386 917 3454; x_wconf 90' lang='lat' dir='ltr'>qnantum</span> <span class='ocrx_word' id='word_1_319' title='bbox 940 3368 1125 3449; x_wconf 74' lang='lat' dir='ltr'>perturbata</span> 
     </span>
     <span class='ocr_line' id='line_1_37' title="bbox 44 3451 1177 3547; baseline -0.003 -31"><span class='ocrx_word' id='word_1_320' title='bbox 44 3455 103 3517; x_wconf 83' lang='lat' dir='ltr'>est.</span> <span class='ocrx_word' id='word_1_321' title='bbox 156 3459 324 3518; x_wconf 86' lang='lat' dir='ltr'>Iuraturus</span> <span class='ocrx_word' id='word_1_322' title='bbox 347 3453 680 3536; x_wconf 73' lang='lat' dir='ltr'>fuittavidemrper</span> <span class='ocrx_word' id='word_1_323' title='bbox 697 3451 830 3547; x_wconf 69' lang='lat' dir='ltr'>sortium</span> <span class='ocrx_word' id='word_1_324' title='bbox 856 3453 970 3515; x_wconf 83' lang='lat' dir='ltr'>Silenii</span> <span class='ocrx_word' id='word_1_325' title='bbox 997 3452 1056 3512; x_wconf 83' lang='lat' dir='ltr'>nili</span> <span class='ocrx_word' id='word_1_326' title='bbox 1086 3471 1124 3513; x_wconf 82' lang='lat' dir='ltr'>ea</span> <span class='ocrx_word' id='word_1_327' title='bbox 1176 3475 1177 3479; x_wconf 47' lang='lat'>¹</span> 
     </span>
     <span class='ocr_line' id='line_1_38' title="bbox 41 3540 1124 3613; baseline -0.007 -9"><span class='ocrx_word' id='word_1_328' title='bbox 41 3543 246 3613; x_wconf 81' lang='lat' dir='ltr'>remittatur,</span> <span class='ocrx_word' id='word_1_329' title='bbox 268 3540 310 3612; x_wconf 81' lang='lat' dir='ltr'>le,</span> <span class='ocrx_word' id='word_1_330' title='bbox 332 3557 407 3612; x_wconf 83' lang='lat' dir='ltr'>ante</span> <span class='ocrx_word' id='word_1_331' title='bbox 430 3540 598 3601; x_wconf 82' lang='lat' dir='ltr'>crastinam</span> <span class='ocrx_word' id='word_1_332' title='bbox 622 3544 742 3611; x_wconf 88' lang='lat' dir='ltr'>lucem,</span> <span class='ocrx_word' id='word_1_333' title='bbox 765 3557 798 3602; x_wconf 91' lang='lat' dir='ltr'>et</span> <span class='ocrx_word' id='word_1_334' title='bbox 818 3558 901 3606; x_wconf 91' lang='lat' dir='ltr'>eam,</span> <span class='ocrx_word' id='word_1_335' title='bbox 924 3551 957 3595; x_wconf 83' lang='lat' dir='ltr'>et</span> <span class='ocrx_word' id='word_1_336' title='bbox 975 3553 1124 3608; x_wconf 81' lang='lat' dir='ltr'>matrem,</span> 
     </span>
     <span class='ocr_line' id='line_1_39' title="bbox 43 3621 1122 3712; baseline -0.005 -23"><span class='ocrx_word' id='word_1_337' title='bbox 43 3643 82 3689; x_wconf 84' lang='lat' dir='ltr'>et</span> <span class='ocrx_word' id='word_1_338' title='bbox 110 3624 143 3686; x_wconf 84' lang='lat' dir='ltr'>le</span> <span class='ocrx_word' id='word_1_339' title='bbox 168 3627 276 3712; x_wconf 80' lang='lat' dir='ltr'>ipsum</span> <span class='ocrx_word' id='word_1_340' title='bbox 304 3626 365 3688; x_wconf 79' lang='lat' dir='ltr'>elle</span> <span class='ocrx_word' id='word_1_341' title='bbox 394 3627 664 3689; x_wconf 85' lang='lat' dir='ltr'>obtruncatutum</span> <span class='ocrx_word' id='word_1_342' title='bbox 688 3659 732 3671; x_wconf 93' lang='lat'>-—</span> <span class='ocrx_word' id='word_1_343' title='bbox 758 3645 809 3702; x_wconf 89' lang='lat'>49.</span> <span class='ocrx_word' id='word_1_344' title='bbox 832 3624 940 3703; x_wconf 81' lang='lat' dir='ltr'>primo</span> <span class='ocrx_word' id='word_1_345' title='bbox 963 3621 1029 3684; x_wconf 84' lang='lat' dir='ltr'>loci</span> <span class='ocrx_word' id='word_1_346' title='bbox 1048 3643 1122 3707; x_wconf 80' lang='lat' dir='ltr'>gen.</span> 
     </span>
     <span class='ocr_line' id='line_1_40' title="bbox 41 3708 1130 3793; baseline -0.006 -19"><span class='ocrx_word' id='word_1_347' title='bbox 41 3710 182 3774; x_wconf 82' lang='lat' dir='ltr'>malent.</span> <span class='ocrx_word' id='word_1_348' title='bbox 209 3726 247 3772; x_wconf 84' lang='lat' dir='ltr'>vt</span> <span class='ocrx_word' id='word_1_349' title='bbox 264 3714 336 3775; x_wconf 81' lang='lat' dir='ltr'>Aul.</span> <span class='ocrx_word' id='word_1_350' title='bbox 356 3732 387 3788; x_wconf 84' lang='lat'>4.</span> <span class='ocrx_word' id='word_1_351' title='bbox 413 3727 459 3774; x_wconf 75' lang='lat' dir='ltr'>to,</span> <span class='ocrx_word' id='word_1_352' title='bbox 480 3720 525 3773; x_wconf 78' lang='lat'>18.</span> <span class='ocrx_word' id='word_1_353' title='bbox 557 3713 627 3772; x_wconf 83' lang='lat' dir='ltr'>loce</span> <span class='ocrx_word' id='word_1_354' title='bbox 661 3712 753 3771; x_wconf 78' lang='lat' dir='ltr'>claro</span> <span class='ocrx_word' id='word_1_355' title='bbox 775 3744 818 3758; x_wconf 84' lang='lat'><em>-</em></span> <span class='ocrx_word' id='word_1_356' title='bbox 836 3708 1030 3793; x_wconf 41' lang='lat' dir='ltr'>&#39;ainbopro</span> <span class='ocrx_word' id='word_1_357' title='bbox 1057 3730 1130 3768; x_wconf 52' lang='lat' dir='ltr'>om»</span> 
     </span>
     <span class='ocr_line' id='line_1_41' title="bbox 42 3793 1125 3881; baseline -0.008 -22"><span class='ocrx_word' id='word_1_358' title='bbox 42 3798 112 3859; x_wconf 81' lang='lat' dir='ltr'>bos</span> <span class='ocrx_word' id='word_1_359' title='bbox 137 3793 261 3881; x_wconf 67' lang='lat' dir='ltr'>saepius</span> <span class='ocrx_word' id='word_1_360' title='bbox 284 3799 440 3859; x_wconf 81' lang='lat' dir='ltr'>obcurrit.</span> <span class='ocrx_word' id='word_1_361' title='bbox 463 3797 497 3857; x_wconf 90' lang='lat' dir='ltr'>h.</span> <span class='ocrx_word' id='word_1_362' title='bbox 511 3799 533 3857; x_wconf 92' lang='lat' dir='ltr'>l.</span> <span class='ocrx_word' id='word_1_363' title='bbox 554 3797 667 3862; x_wconf 78' lang='lat' dir='ltr'>ambas</span> <span class='ocrx_word' id='word_1_364' title='bbox 688 3794 866 3856; x_wconf 87' lang='lat' dir='ltr'>dicendum</span> <span class='ocrx_word' id='word_1_365' title='bbox 887 3807 964 3862; x_wconf 84' lang='lat' dir='ltr'>erat,</span> <span class='ocrx_word' id='word_1_366' title='bbox 986 3807 1125 3854; x_wconf 88' lang='lat' dir='ltr'>matrem</span> 
     </span>
     <span class='ocr_line' id='line_1_42' title="bbox 42 3876 1125 3966; baseline -0.006 -22"><span class='ocrx_word' id='word_1_367' title='bbox 42 3895 84 3944; x_wconf 88' lang='lat' dir='ltr'>et</span> <span class='ocrx_word' id='word_1_368' title='bbox 114 3878 234 3954; x_wconf 84' lang='lat' dir='ltr'>filiam,</span> <span class='ocrx_word' id='word_1_369' title='bbox 276 3884 331 3945; x_wconf 83' lang='lat' dir='ltr'>ted</span> <span class='ocrx_word' id='word_1_370' title='bbox 361 3896 395 3943; x_wconf 88' lang='lat' dir='ltr'>et</span> <span class='ocrx_word' id='word_1_371' title='bbox 429 3882 535 3944; x_wconf 75' lang='lat' dir='ltr'>Mero..</span> <span class='ocrx_word' id='word_1_372' title='bbox 550 3904 577 3943; x_wconf 86' lang='lat'>2.</span> <span class='ocrx_word' id='word_1_373' title='bbox 598 3904 623 3943; x_wconf 83' lang='lat' dir='ltr'>t.</span> <span class='ocrx_word' id='word_1_374' title='bbox 642 3904 672 3956; x_wconf 87' lang='lat'>7.</span> <span class='ocrx_word' id='word_1_375' title='bbox 714 3880 757 3941; x_wconf 87' lang='lat' dir='ltr'>est</span> <span class='ocrx_word' id='word_1_376' title='bbox 785 3879 882 3942; x_wconf 81' lang='lat' dir='ltr'>umbo</span> <span class='ocrx_word' id='word_1_377' title='bbox 919 3897 979 3966; x_wconf 85' lang='lat' dir='ltr'>pro</span> <span class='ocrx_word' id='word_1_378' title='bbox 1012 3876 1125 3938; x_wconf 80' lang='lat' dir='ltr'>ambae</span> 
     </span>
     <span class='ocr_line' id='line_1_43' title="bbox 41 3962 1126 4051; baseline -0.002 -25"><span class='ocrx_word' id='word_1_379' title='bbox 41 3985 165 4051; x_wconf 82' lang='lat' dir='ltr'>caprae</span> <span class='ocrx_word' id='word_1_380' title='bbox 180 4002 227 4018; x_wconf 82' lang='lat'>-.</span> <span class='ocrx_word' id='word_1_381' title='bbox 245 3989 291 4043; x_wconf 83' lang='lat'>50.</span> <span class='ocrx_word' id='word_1_382' title='bbox 311 3970 436 4051; x_wconf 76' lang='lat' dir='ltr'>pedatu</span> <span class='ocrx_word' id='word_1_383' title='bbox 458 3969 574 4051; x_wconf 87' lang='lat' dir='ltr'>inpetu</span> <span class='ocrx_word' id='word_1_384' title='bbox 598 3971 711 4038; x_wconf 84' lang='lat' dir='ltr'>tertio,</span> <span class='ocrx_word' id='word_1_385' title='bbox 738 3963 780 4027; x_wconf 82' lang='lat' dir='ltr'>lc.</span> <span class='ocrx_word' id='word_1_386' title='bbox 794 3978 832 4024; x_wconf 72' lang='lat' dir='ltr'>¹te</span> <span class='ocrx_word' id='word_1_387' title='bbox 849 3962 1015 4045; x_wconf 86' lang='lat' dir='ltr'>filiamque</span> <span class='ocrx_word' id='word_1_388' title='bbox 1034 3965 1126 4024; x_wconf 73' lang='lat' dir='ltr'>tuam</span> 
     </span>
     <span class='ocr_line' id='line_1_44' title="bbox 44 4049 1184 4141; baseline -0.008 -24"><span class='ocrx_word' id='word_1_389' title='bbox 44 4056 69 4117; x_wconf 83' lang='lat' dir='ltr'>ll</span> <span class='ocrx_word' id='word_1_390' title='bbox 100 4052 260 4118; x_wconf 83' lang='lat' dir='ltr'>obeidero</span> <span class='ocrx_word' id='word_1_391' title='bbox 287 4055 434 4141; x_wconf 77' lang='lat' dir='ltr'>priores,</span> <span class='ocrx_word' id='word_1_392' title='bbox 470 4057 525 4115; x_wconf 86' lang='lat' dir='ltr'>me</span> <span class='ocrx_word' id='word_1_393' title='bbox 553 4051 662 4138; x_wconf 77' lang='lat' dir='ltr'>ipsum</span> <span class='ocrx_word' id='word_1_394' title='bbox 687 4051 806 4116; x_wconf 82' lang='lat' dir='ltr'>addam</span> <span class='ocrx_word' id='word_1_395' title='bbox 828 4052 947 4135; x_wconf 84' lang='lat' dir='ltr'>inpetu</span> <span class='ocrx_word' id='word_1_396' title='bbox 970 4049 1126 4111; x_wconf 70' lang='lat' dir='ltr'>teuio-‹-</span> <span class='ocrx_word' id='word_1_397' title='bbox 1183 4105 1184 4108; x_wconf 74' lang='grc'>,</span> 
     </span>
    </p>
   </div>
   <div class='ocr_carea' id='block_1_9' title="bbox 0 0 1392 4734">
    <p class='ocr_par' dir='ltr' id='par_1_13' title="bbox 0 0 1392 4734">
     <span class='ocr_line' id='line_1_45' title="bbox 0 0 1392 4734; baseline 0 2"><span class='ocrx_word' id='word_1_398' title='bbox 0 0 1392 4734; x_wconf 95' lang='lat' dir='ltr'> </span> 
     </span>
    </p>
   </div>
  </div>
 </body>
</html>
