2775 4734
246 294 323 390 ‚itte
445 338 508 351 ==
588 305 926 379 ''tutatrtvuut
1032 310 1035 317 “

248 502 332 570 opes
351 482 474 548 nostrae
496 484 656 548 [nuttam
676 484 813 553 validae,
838 505 937 567 quam
956 501 1040 546 tuae.
1085 474 1164 546 Τοῖ’.
1190 483 1344 550 Phorm.

248 594 281 646 4.
296 592 322 645 3.
333 580 383 647 48.
409 573 548 632 venitin
565 585 723 640 mentem,
740 573 775 630 iu
786 568 977 651 seruitutem
994 592 1177 654 pauperem
1201 575 1344 648 (mulie-

246 660 334 734 rem)
360 656 402 717 ad
420 657 522 718 ditem
542 655 611 716 dari
631 691 674 704 --
706 677 752 730 55.
767 650 953 742 ferentarii
976 658 1101 738 equites
1121 657 1233 718 Varro
1256 660 1297 719 L.
1308 661 1341 719 L.

249 743 282 801 6.
297 763 323 813 3.
337 743 466 822 pedites
483 742 592 824 Veget.
613 740 654 801 de
673 762 709 801 re
729 742 800 801 mil.
814 763 838 801 r.
852 764 900 803 20.
927 742 1012 802 leuis
1033 756 1226 805 armaturae
1249 745 1340 803 mili·

247 836 317 897 tes,
344 829 417 910 qui,
437 825 495 886 vbi
517 847 599 910 opus
619 826 712 893 edet,
742 844 840 909 opem
867 827 1011 888 celeriter
1034 826 1166 888 ferrent.
1220 827 1342 889 Ioeole

163 948 167 957 ι
248 910 358 973 seruus
378 911 518 973 diuitem
541 912 679 973 amicam
693 928 787 973 vocat
792 903 1027 997 ferentarium,
1050 914 1109 995 qui
1124 928 1238 998 opem
1256 915 1340 975 cele·

245 999 328 1061 uitet
349 994 433 1057 ferre
455 995 556 1077 posset
579 1032 622 1045 -
655 998 702 1071 56.
729 998 870 1058 dierecte
891 994 965 1057 uid.
993 997 1086 1081 Capt.
1099 1018 1168 1072 Μ.
1188 1020 1269 1072 ¹03·
1297 1034 1338 1046 -

183 1098 186 1109 ·
204 1092 206 1101 ‘
237 1083 298 1142 »ire
313 1081 474 1161 obcipiam
495 1082 648 1166 aufugere
664 1101 764 1143 coner
780 1117 824 1128 -
845 1083 895 1142 61.
913 1085 946 1142 in
960 1095 1069 1144 aetate
1085 1082 1283 1155 interdum,
1302 1098 1337 1144 vt

246 1166 341 1249 supra
364 1180 537 1227 1.1.2.'-
563 1174 600 1238 65
618 1167 660 1251 lq.
684 1167 945 1250 aeqrtiparabilis
968 1188 1038 1228 cum
1062 1166 1204 1256 nostris,
1234 1170 1334 1231 Cure

246 1270 279 1312 J.
292 1274 318 1325 3.
336 1273 381 1335 ta.
398 1250 441 1311 est
457 1272 532 1313 cum
549 1252 682 1313 datiuot·
700 1253 938 1336 aequiparabile
954 1251 1017 1314 diis
1032 1287 1074 1303 --
1091 1262 1143 1325 67.
1162 1257 1200 1314 in
1218 1257 1335 1315 aedem

245 1334 369 1398 sacram
394 1371 438 1386 -
461 1344 511 1399 68.
536 1338 710 1419 opulentus
732 1339 793 1398 riti
817 1359 881 1417 pur
891 1330 991 1426 forte
1011 1350 1052 1399 ot
1074 1342 1215 1401 venerit
1247 1339 1334 1403 forte

245 1423 283 1483 in
311 1422 428 1484 eodem
455 1439 564 1485 tecum
593 1426 680 1483 lecto
706 1422 906 1484 adeuhuerit'
928 1425 1097 1485 tricliniari
1116 1459 1162 1472 -
1184 1425 1246 1499 69.
1275 1447 1332 1506 po

163 1572 167 1585 ,
245 1508 397 1589 pulcarem
432 1530 530 1590 ertum
562 1521 686 1585 vocant
721 1526 822 1575 coena
851 1510 973 1593 populo
1011 1508 1158 1570 exhibita
1191 1545 1244 1559 ·-
1279 1531 1329 1585 70.

244 1595 314 1655 hoe
338 1614 357 1653 e
378 1591 474 1655 versu
491 1593 593 1657 Faber
626 1595 786 1661 coniecit,
819 1593 1032 1653 aelientihus
1062 1594 1144 1654 olim
1177 1597 1218 1656 in
1253 1596 1329 1656 aede

68 1696 75 1706 '
107 1690 114 1697 '
147 1711 152 1721 ·
244 1677 328 1740 sacra
349 1676 542 1740 conuiuium
560 1678 710 1764 'petronis
734 1677 881 1761 adparari
902 1669 1162 1740 fuiile'iolitum.
1210 1679 1324 1741 Malim

244 1765 445 1851 intelligere,
471 1771 550 1835 eoo,
581 1767 639 1847 qui
664 1763 894 1835 ministrarent,
927 1766 1072 1846 proxime
1099 1776 1183 1825 eum
1200 1766 1318 1834 locum,

244 1851 304 1909 vbi
342 1849 691 1910 adcubare‘viderent
726 1864 880 1931 patronos
928 1850 1019 1917 suos,
1061 1847 1250 1932 cougeffill'e
1282 1854 1312 1909 iu

244 1932 402 2020 mensam,
420 1955 502 2021 quae
519 1936 558 1996 iis
574 1933 738 2018 sperarent
750 1932 822 1994 fore
836 1932 1054 2018 adceptiffirna
1074 1948 1119 1982 -·-·
1138 1956 1195 2008 7²·
1216 1938 1317 1996 edisne

245 2020 366 2080 etlasu'e
390 2056 434 2070 -
469 2043 519 2094 73.
545 2017 665 2108 etiuufi
687 2019 729 2079 H.
747 2019 811 2094 xetii
834 2055 877 2067 ·-
905 2028 955 2094 76.
978 2020 1018 2078 de
1039 2023 1116 2079 vita
1145 2024 1255 2081 victu.
1284 2022 1320 2081 lte

246 2105 377 2177 Graecis
400 2107 472 2178 βίος
497 2140 540 2152 --
570 2122 620 2177 77.
645 2112 695 2179 78.
729 2106 883 2177 cernitur,
913 2104 1107 2165 decernitur.
1163 2107 1318 2190 Scaliger:

245 2188 427 2273 Spectautla
441 2188 483 2248 ell
500 2188 647 2271 persona,
667 2191 829 2273 paralitus.
875 2193 914 2250 ln
935 2189 1046 2250 ie'uatu
1065 2190 1211 2252 dicitur:
1235 2195 1318 2253 nulla

243 2275 443 2336 verecundia
465 2273 562 2334 debet
585 2293 647 2335 uos
669 2274 845 2336 demouere
866 2295 883 2334 a
906 2273 1063 2335 sententia
1086 2274 1247 2346 dicenda,
1270 2277 1318 2338 vbi

245 2359 286 2420 de
303 2362 401 2421 rebus
416 2360 540 2421 diuinis
558 2375 590 2422 et
603 2360 758 2420 humanis
776 2361 891 2443 agitur.
916 2361 1049 2421 diuinae
1071 2375 1186 2422 autem
1213 2378 1249 2424 et
1265 2365 1315 2423 hu·

242 2465 361 2511 manae
380 2446 506 2530 parasiti
520 2464 570 2505 ree
593 2443 682 2506 escae
703 2443 786 2533 lunt,
807 2459 839 2503 et
857 2445 967 2509 menia
986 2448 1056 2508 eius
1076 2440 1120 2505 est
1135 2444 1312 2509 leuatus-

244 2538 297 2592 82.
313 2546 376 2593 uon
394 2533 455 2591 hoc
472 2534 609 2615 (ungue)
630 2532 735 2611 longe.
764 2532 804 2590 lic
821 2527 895 2593 cist.
910 2552 936 2590 z.
949 2553 976 2606 3.
990 2551 1037 2606 39.
1060 2549 1101 2592 ne
1123 2531 1243 2593 hercle
1258 2534 1309 2593 hoc

214 2654 217 2667 ι
243 2618 352 2701 longe.
397 2615 723 2693 Moshz.r.462n011
748 2618 812 2677 hoe
836 2617 933 2700 longe
958 2652 1000 2663 --
1026 2622 1043 2677 8
1049 2637 1077 2689 3.
1102 2614 1176 2697 Mil.
1202 2617 1315 2678 habent

242 2696 432 2773 comatae,
452 2702 575 2785 Lipfius
595 2720 673 2762 vero
694 2701 814 2783 aliique
832 2705 1043 2763 mtrt'auerunt
1060 2702 1141 2761 haee
1164 2738 1211 2749 —
1235 2705 1314 2764 dere·

141 2831 144 2836 -
196 2800 200 2805 “
244 2780 535 2877 ditusfinesacris
556 2785 608 2855 est,
629 2806 711 2870 quae
734 2784 1001 2861 obueuit,‘uullit
1019 2784 1184 2848 herorum
1208 2785 1314 2850 sumti-

242 2873 305 2934 bus
327 2874 478 2934 obnoxia.
505 2873 572 2934 vid.
596 2871 730 2954 Capua.
747 2883 810 2941 ut.
834 2907 877 2917 -
908 2871 1084 2932 Turnebus
1108 2873 1241 2933 versum
1267 2895 1312 2936 ex·

241 2959 359 3043 plicat:
382 2976 484 3017 coena
502 2955 557 3016 ilia
582 2957 747 3040 popularis
771 2976 900 3017 annuus
914 2959 1007 3027 =velut
1026 2955 1163 3041 frugruu
1179 2979 1311 3043 proueu·
1360 3012 1361 3027 p

235 3056 295 3108 tue
325 3041 420 3103 nobie
449 3041 508 3113 est,
545 3043 609 3102 fine
633 3043 701 3101 vllo
730 3042 898 3124 inpendio.
941 3038 1122 3102 Palmerius
1152 3065 1312 3105 arationum
1360 3038 1361 3047 ’

242 3126 406 3190 adiectiue
426 3124 537 3196 sumit,
562 3146 664 3188 coena
688 3116 829 3195 aurona,
852 3143 887 3187 vt
905 3129 1079 3206 parafitica,
1101 3128 1167 3187 line
1190 3132 1310 3212 impert·

240 3212 402 3283 sudatur,
426 3226 463 3272 vt
477 3212 638 3274 hereditas
659 3214 722 3272 line
740 3211 847 3272 sacris.
876 3212 1000 3294 Lipliue
1019 3215 1082 3296 legi
1100 3214 1190 3273 vult:
1215 3233 1309 3273 coena

240 3297 323 3361 haec
352 3316 463 3379 annon
493 3288 536 3357 est
562 3298 727 3360 hereditas
755 3299 819 3358 fine
847 3295 959 3366 sacris,
995 3298 1124 3381 prorius
1151 3298 1308 3380 gratuita?

239 3382 401 3455 Muretus,
425 3384 594 3454 Gruterus;
617 3382 813 3452 Gronovius,
836 3385 900 3443 hac
916 3405 1046 3444 auriono
1064 3381 1249 3445 aduoicuut
1263 3385 1307 3443 ab·

159 3482 161 3493 '
237 3469 382 3533 latinum
406 3468 602 3551 absolutum,
627 3485 663 3531 vt
677 3489 769 3528 nunc
788 3462 831 3529 est
850 3487 998 3542 arrrtona3
1025 3485 1060 3530 vt
1082 3468 1191 3530 lenius
1214 3473 1306 3530 totius
1359 3518 1360 3547 2

240 3555 352 3615 verius
378 3555 429 3619 fit:
460 3574 561 3617 coena
589 3556 739 3636 gratuita,
766 3556 828 3615 hae
860 3572 1009 3615 arurouae
1038 3556 1183 3623 caritate,
1213 3574 1305 3638 aeque
1359 3575 1360 3625 3

240 3659 311 3705 rara
336 3637 387 3710 est,
418 3659 455 3701 ae
476 3640 638 3702 hereditas
659 3641 722 3699 fine
743 3636 913 3701 sumtuofis
939 3655 973 3699 et
993 3641 1132 3701 ouerolis
1156 3638 1252 3700 saeris
1270 3673 1303 3686 -

230 3733 294 3804 89.
316 3727 373 3786 dei
385 3720 425 3785 H.
441 3724 476 3784 di
493 3760 537 3772 -
557 3726 743 3805 opulentiae
763 3727 847 3809 plur.
868 3726 986 3808 legitur
1001 3737 1034 3783 et
1051 3725 1169 3785 Bacch.
1183 3748 1211 3792 a.
1223 3749 1250 3798 ς.
1262 3747 1302 3785 22.

240 3812 325 3876 meis
339 3811 524 3893 opulentiis.
560 3811 614 3871 Sic
632 3826 664 3872 et
685 3807 769 3870 iufra
786 3830 815 3882 4.
829 3831 854 3880 ς.
869 3831 916 3871 rt.
930 3825 1057 3871 veteres
1071 3812 1302 3890 parcimoniam
1358 3828 1359 3889 l

240 3898 284 3959 lic
299 3896 558 3977 apud'Seuecam
575 3896 651 3979 ep.'r
663 3917 709 3969 ¹4·
730 3915 748 3955 e
763 3892 908 3957 Sallustio
919 3888 1033 3982 famas
1053 3930 1096 3942 -
1119 3913 1170 3970 9¹·
1184 3896 1303 3955 animae
1357 3932 1359 4011 1

237 3979 283 4040 H.
302 3983 433 4051 animai,
451 3976 553 4066 etqui
569 4003 639 4042 eam
656 4003 754 4064 quom
770 4000 828 4064 pro
845 3980 934 4064 vulg.
948 3981 1005 4064 qui
1015 4000 1129 4063 qrurm:
1149 3981 1204 4041 alii
1215 4001 1302 4063 qrcuot
1358 4014 1359 4017 =

239 4058 347 4148 quum.
385 4067 536 4153 Corpora
559 4063 661 4131 nostra
689 4064 764 4128 [unt
786 4066 873 4151 quafi
892 4062 994 4161 lalina
1015 4066 1153 4129 animae.
1195 4067 1301 4129 Anima

382 4179 397 4207 Κ
