2775 4734
258 270 341 338 ror¹
591 286 657 348 ,rur
688 269 975 378 citramarini
1021 287 1024 296 *
1113 295 1116 306 ⁴

367 373 373 410 t

119 485 122 498 ·
224 471 227 496 ³
254 450 338 516 (iod.
360 451 503 532 deniqne
524 449 619 530 Bern.
645 425 795 510 &araceni
817 447 876 537 nifi
902 443 1099 544 displicsna,
1116 439 1208 536 ‘quae
1232 454 1346 518 lectio

254 537 513 600 Meursro‘vnice
530 532 663 593 adridet.
691 535 820 595 etmihi
841 536 977 619 quidem
1000 535 1082 597 baec
1100 550 1265 621 perquam
1286 560 1349 603 co·
1379 523 1381 572 ⁴

255 619 502 686 miceconficta
528 637 593 678 vox
615 618 731 680 Plauto
757 619 888 684 videtur
913 619 1112 704 dignissima:
1147 621 1214 711 nifi·
1232 645 1343 688 vnum

255 702 487 796 displicuiffet,
519 704 604 786 nibil
635 704 721 787 apud
749 715 780 765 te
799 703 887 775 ¹fuit,
916 707 1000 787 quin
1021 710 1172 790 placeret.
1226 709 1343 772 Caino

182 797 184 804 ’
255 796 347 855 vocis
370 790 564 873 elegantiam
583 790 640 872 qui
664 809 733 849 non
752 788 1019 876 adsequebantur,
1043 787 1260 893 disciplinam
1282 809 1343 857 ant

256 873 451 969 discipulam
470 872 661 960 posuerunt.
705 875 941 959 Reponendam
963 892 1141 962 putatu—a
1170 900 1221 940 zi.
1245 874 1340 969 infia-

246 958 369 1056 scobot
392 961 464 1019 vini
488 962 628 1044 generosi
648 961 718 1019 vim
743 956 891 1024 addenda
917 980 998 1043 aqua
1023 964 1213 1035 minuebat,
1248 957 1341 1028 coso-

254 1069 324 1110 rem
345 1049 417 1108 vini
439 1057 520 1129 aqua
542 1046 708 1128 perdebat.
761 1045 816 1106 Sic
836 1047 908 1107 ltlil.
926 1068 951 1106 2.
967 1054 996 1109 ό.
1010 1054 1061 1123 46.
1085 1042 1266 1138 'infuscare
1293 1051 1339 1114 est

181 1135 183 1146 ”
247 1133 401 1203 turbare,
433 1130 567 1214 perdere
595 1161 638 1176 u-
678 1151 727 1204 ²4·
751 1132 836 1191 bunc
867 1132 1013 1193 ordinem
1042 1134 1273 1196 meretricium
1295 1169 1340 1185 -·

256 1226 307 1281 28.
329 1222 472 1279 iunctam
500 1217 645 1276 vinctam
670 1226 714 1261 -“-
746 1235 793 1292 ²9·
811 1214 865 1304 st,
893 1219 1015 1279 tametsi
1044 1220 1214 1280 imitemur
1249 1223 1340 1285 inter

234 1323 315 1372 ,noa
334 1322 446 1365 earum
465 1302 715 1362 coniunctiones
733 1331 775 1346 -
799 1323 847 1372 30·
869 1314 981 1362 tamen
998 1304 1145 1365 viuirnua
1158 1327 1231 1364 cum
1240 1303 1337 1396 sum·

253 1407 308 1450 ma
319 1388 444 1450 irniidio
458 1402 691 1456 matronarum,
705 1382 836 1469 pessime
852 1387 911 1448 rioa
930 1387 1071 1450 oderunt
1080 1409 1123 1436 -e
1137 1411 1185 1463 31.
1198 1395 1337 1465 volunt,

253 1493 315 1536 nos
335 1476 372 1534 in
396 1473 580 1535 clientelam
603 1490 714 1531 earum
738 1490 797 1531 noa
821 1473 1054 1534 commendare
1070 1497 1192 1547 *3²-
1215 1475 1337 1624 noffra

254 1559 349 1641 'copia
370 1559 532 1642 explicant
554 1557 626 1617 alii:
650 1554 815 1617 venustate
836 1556 956 1627 nostra,
979 1557 1162 1629 inlecebris,
1187 1565 1251 1620 arti
1277 1584 1336 1639 οη

255 1646 459 1707 Gronovius:
489 1662 548 1724 per
572 1661 632 1704 nos
655 1639 748 1723 ipsas.
771 1670 815 1687 *-
844 1663 892 1714 33.
931 1646 1026 1727 nique
1050 1645 1162 1705 auxilii
1190 1651 1337 1710 omnium

255 1749 361 1792 rernm
386 1732 421 1789 in
441 1726 595 1788 omnibns
616 1729 713 1788 rebus
734 1728 891 1805 indigere.
915 1732 1098 1801 ravroionla
1120 1734 1154 1790 in
1177 1727 1238 1792 ore
1262 1754 1336 1797 mu-

195 1801 197 1812 ’
254 1816 406 1876 lierculae
428 1832 495 1875 non
516 1815 598 1872 mira
619 1811 722 1894 potest
747 1811 916 1871 videri-
941 1831 989 1888 35.
1013 1825 1079 1874 tani
1105 1812 1246 1902 superbe
1271 1839 1334 1883 noa

252 1914 411 1972 tractant,
447 1911 484 1957 vt
510 1892 623 1987 obiiſje
658 1898 698 1958 ab
726 1900 766 1958 iis
795 1896 953 1980 gaudeas,
986 1914 1019 1958 et
1047 1915 1114 1960 non
1138 1901 1197 1960 nifi
1229 1906 1336 1967 inune

253 2007 307 2049 eas
327 1986 428 2066 ⁸adeas
451 2015 494 2030 -—
525 1987 572 2054 36.
595 1981 704 2061 polone
735 1983 951 2044 blandiuntur
979 1983 1075 2044 nobie
1105 1987 1334 2068 praesentibus

250 2072 407 2140 blandae,
429 2070 512 2129 clam
529 2066 722 2128 absentibus
744 2104 787 2113 —
811 2089 859 2140 37¹.
880 2087 998 2151 aquom
1007 2059 1337 2163 frigiclomsubfun·

252 2161 335 2220 ritant
359 2151 530 2216 criminose
556 2152 595 2211 de
616 2155 713 2212 nobis
735 2154 765 2214 lo
790 2169 932 2223 nontur,
954 2169 1133 2216 amatorum
1159 2162 1295 2222 animos
1319 2183 1337 2222 a

209 2313 213 2317 ,
249 2246 346 2305 nobis
366 2252 526 2303 conantur
541 2237 735 2315 abstrahere.
751 2173 896 2328 siricinio
914 2254 945 2301 et
963 2240 1007 2297 ita
1028 2259 1087 2302 noa
1105 2242 1336 2323 decipiunt-

184 2351 185 2354 ¹
253 2336 303 2403 38.
327 2348 402 2390 cum
430 2325 492 2385 suis
513 2320 591 2382 viris
602 2317 722 2412 solere,
746 2319 963 2394 consuescere,
986 2344 1057 2386 rem
1078 2327 1195 2403 habere
1213 2362 1262 2379 -κ
1280 2351 1334 2411 39.

81 2397 87 2414 .
240 2409 327 2506 suos
347 2414 538 2472 maritorum
562 2406 695 2470 suorum
712 2437 755 2453 ·-·
783 2419 860 2484 aurit
884 2405 1064 2499 depreffinn
1089 2412 1123 2471 id
1142 2431 1269 2495 agunt,
1297 2434 1336 2478 vt

206 2529 208 2540 =
249 2519 310 2559 noa
328 2496 512 2580 deprimant
526 2528 570 2539 -
588 2516 638 2569 4²·
659 2516 701 2552 ex
719 2489 873 2571 patribus
889 2498 1098 2555 conuenticiis
1117 2517 1194 2558 curn
1211 2503 1334 2565 multia

249 2586 330 2648 viris
356 2581 611 2652 conuenientes,
647 2576 751 2660 ipsae,
785 2599 803 2637 e
830 2599 894 2662 quo
920 2591 1333 2667 eorum-conceperimus,

179 2729 181 2740 ,
249 2667 386 2731 nesciae.
411 2666 588 2729 ¹Camerar.
606 2677 639 2722 et
655 2662 800 2725 Gronov.
818 2664 882 2747 legi
899 2665 1025 2726 malunt
1042 2673 1334 2733 commentitiis-

212 2799 214 2802 -
238 2751 418 2847 firperhioe
431 2744 530 2841 causo
546 2741 776 2830 explicandum
792 2765 963 2831 putarunt:
985 2755 1203 2815 contumeliae
1219 2756 1331 2820 nausa.

247 2841 312 2900 Sed
344 2840 409 2897 ioci
439 2851 568 2898 tantum
602 2831 693 2893 causa
723 2832 887 2896 adiectum
924 2836 1101 2897 amuliere
1131 2837 1191 2910 est,
1230 2862 1330 2926 quae,

194 2945 196 2954 ’
248 2937 449 3007 quantopere
483 2916 671 2979 erubescere
705 2917 874 2991 didicerit,
922 2919 1038 2982 abusus
1076 2924 1169 2983 verbi
1202 2929 1330 2989 nubere

205 3059 208 3060 γ
246 3029 325 3081 v.45
342 3002 484 3088 sq.=satis
506 3003 663 3085 superque
691 3002 829 3066 ostendit
844 3015 895 3090 ‘ff-
918 3027 969 3077 47.
990 3006 1125 3085 lugubre
1138 3010 1329 3075 ‹aduerbia-

245 3095 335 3153 liter:
347 3088 490 3168 ,miseret
511 3124 553 3135 -
576 3109 625 3165 49.
643 3088 731 3149 hand
756 3108 811 3149 me
829 3091 985 3174 poenitet,
1002 3103 1034 3151 te
1050 3088 1204 3163 educant,
1231 3113 1266 3160 et
1284 3097 1329 3159 ad

246 3173 411 3261 quaestum
435 3175 657 3235 meretricium
685 3176 928 3258 compulisse*m
951 3198 996 3239 to.
1016 3197 1076 3257 pro
1093 3180 1226 3241 {secata
1249 3202 1331 3245 cnm

244 3261 352 3324 Dorrsa
377 3260 450 3322 edd.
477 3280 541 3344 que
567 3265 646 3320 vett.
669 3257 845 3341 legendum
874 3258 915 3318 est
942 3262 1066 3322 Hecale
1094 3277 1149 3323 aut
1173 3268 1326 3339 Hecala.

243 3364 281 3409 vt
303 3350 439 3410 Plautus
470 3363 531 3429 pro
556 3344 667 3413 Circe,
702 3345 809 3406 Niobe
839 3345 936 3404 babet
961 3343 1070 3415 Circa,
1104 3349 1229 3412 Nioba.
1282 3353 1330 3414 Vt

242 3453 319 3494 rero
343 3437 428 3494 inter
450 3447 554 3490 mares
576 3434 670 3500 Irata,
703 3429 744 3488 fic
769 3429 854 3490 inter
873 3427 1018 3492 sentinae.
1034 3434 1158 3502 Hecale
1180 3456 1329 3521 pauper·

241 3535 307 3579 tate
340 3519 461 3578 dicitur
494 3515 634 3598 obpressa
665 3511 758 3574 tuille
789 3513 925 3577 summa.
964 3515 1062 3577 Ovid.
1087 3516 1226 3582 Remed.
1247 3543 1326 3597 747.

240 3604 367 3685 Apulei.
384 3603 465 3663 Met.
479 3624 503 3663 t.
528 3603 613 3661 Plio.
627 3601 668 3660 H.
679 3599 720 3659 N.
737 3621 784 3659 ιτ.
799 3622 847 3660 ιι.
878 3589 996 3661 Sensus
1012 3599 1073 3662 este
1097 3603 1131 3662 in
1148 3602 1329 3674 senectute

240 3687 319 3749 olim
339 3708 408 3748 non
431 3688 551 3769 magis,
578 3704 676 3768 quam
698 3685 734 3742 in
749 3682 911 3767 praesenti
930 3685 1066 3748 florente
1088 3693 1225 3754 aetatula
1250 3709 1326 3764 tua,

156 3825 157 3830 ,
209 3761 348 3858 [inopia
378 3773 571 3836 cruciabere.
631 3767 841 3850 Prospectum
860 3772 909 3852 xin
943 3770 1101 3853 praesenti
1132 3777 1328 3841 iuuentute

236 3858 360 3943 aliquid
387 3859 475 3926 vult,
505 3875 564 3922 ue,
601 3853 762 3914 inmutata
783 3854 906 3923 forma,
937 3859 1029 3919 viuat
1059 3855 1193 3923 deserta.
1235 3865 1324 3926 Ter,

236 3944 355 4003 Heaut.
374 3961 400 4001 2.
417 3949 470 4016 3.8
485 3936 530 4023 sq.
548 3953 592 3984 -'
614 3961 627 4014 5
635 3962 662 4010 ς.
678 3941 810 4022 Ignauia
828 3942 978 4024 precibus
991 3941 1118 4005 fortuna
1136 3963 1324 4033 repugnat.

235 4027 333 4098 Ovid.
354 4059 398 4073 -
425 4046 474 4107 54.
499 4029 592 4087 Inter
619 4022 717 4114 istaec
744 4027 849 4087 uerba
869 4043 924 4090 me
951 4048 1027 4091 cum
1055 4043 1164 4094 matre
1189 4034 1328 4099 haecce
